<?xml version="1.0" encoding="UTF-8"?>
<record xmlns="http://www.loc.gov/MARC21/slim" xmlns:xsi="http://www.w3.org/2001/XMLSchema-instance" xsi:schemaLocation="http://www.loc.gov/MARC21/slim http://www.loc.gov/standards/marcxml/schema/MARC21slim.xsd">
<leader>     nam a2200265 a 4500</leader>
<controlfield tag="001">002186306</controlfield>
<controlfield tag="003">NNU</controlfield>
<controlfield tag="005">20061010172446.0</controlfield>
<controlfield tag="008">941014s1947    le a     b    001 0 ara d</controlfield>
<datafield tag="035" ind1="9" ind2=" ">
<subfield code="a">NYUb11221883</subfield>
</datafield>
<datafield tag="035" ind1=" " ind2=" ">
<subfield code="a">(CStRLIN)NYUG94-B47850</subfield>
</datafield>
<datafield tag="040" ind1=" " ind2=" ">
<subfield code="a">NNU</subfield>
<subfield code="c">NNU</subfield>
</datafield>
<datafield tag="066" ind1=" " ind2=" ">
<subfield code="c">(3</subfield>
</datafield>
<datafield tag="090" ind1=" " ind2=" ">
<subfield code="a">DS89.B35</subfield>
<subfield code="b">B37 1948</subfield>
</datafield>
<datafield tag="100" ind1="1" ind2=" ">
<subfield code="6">880-01</subfield>
<subfield code="a">Bashʻalānī, Iṣṭifān.</subfield>
</datafield>
<datafield tag="245" ind1="1" ind2="0">
<subfield code="6">880-02</subfield>
<subfield code="a">Tārīkh Bashʻalī wa-Ṣalīmā /</subfield>
<subfield code="c">taʼlīf Isṭifān al-Bashʻalānī.</subfield>
</datafield>
<datafield tag="260" ind1=" " ind2=" ">
<subfield code="6">880-03</subfield>
<subfield code="a">al-Dawrah [Lebanon] :</subfield>
<subfield code="b">Maṭbaʻat Fāḍil wa-Jamīl,</subfield>
<subfield code="c">1947 [i.e. 1948]</subfield>
</datafield>
<datafield tag="300" ind1=" " ind2=" ">
<subfield code="a">592 p. :</subfield>
<subfield code="b">ill. ;</subfield>
<subfield code="c">22 cm.</subfield>
</datafield>
<datafield tag="500" ind1=" " ind2=" ">
<subfield code="a">Date on cover: 1948.</subfield>
</datafield>
<datafield tag="504" ind1=" " ind2=" ">
<subfield code="a">Includes bibliographical references and index.</subfield>
</datafield>
<datafield tag="651" ind1=" " ind2="0">
<subfield code="a">Bashʻalah (Lebanon)</subfield>
<subfield code="x">History.</subfield>
</datafield>
<datafield tag="651" ind1=" " ind2="0">
<subfield code="a">Ṣalīmā (Lebanon)</subfield>
<subfield code="x">History.</subfield>
</datafield>
<datafield tag="880" ind1="0" ind2=" ">
<subfield code="6">100-01/</subfield>
<subfield code="a">اسطفان البشعلاني.</subfield>
</datafield>
<datafield tag="880" ind1="1" ind2="0">
<subfield code="6">245-02/</subfield>
<subfield code="a">تاريخ بشعلي وصليما /</subfield>
<subfield code="c">تأليف اسطفان البشعلاني.</subfield>
</datafield>
<datafield tag="880" ind1=" " ind2=" ">
<subfield code="6">260-03/</subfield>
<subfield code="a">الدوره [Lebanon] :</subfield>
<subfield code="b">مطبعة فاضل وجميل،</subfield>
<subfield code="c">١٩٤٧.</subfield>
</datafield>
<datafield tag="OWN" ind1=" " ind2=" ">
<subfield code="a">GENERAL</subfield>
</datafield>
<datafield tag="998" ind1=" " ind2=" ">
<subfield code="a">19941014</subfield>
<subfield code="d">19941014</subfield>
<subfield code="d">20010304</subfield>
<subfield code="n">NNU</subfield>
<subfield code="s">1</subfield>
<subfield code="t">c</subfield>
<subfield code="z">p</subfield>
</datafield>
<datafield tag="AVA" ind1=" " ind2=" ">
<subfield code="a">NYU50</subfield>
<subfield code="b">BOBST</subfield>
<subfield code="c">Main Collection</subfield>
<subfield code="d">DS89.B35 B37 1948</subfield>
<subfield code="e">unavailable</subfield>
<subfield code="t">Unavailable</subfield>
<subfield code="f">1</subfield>
<subfield code="g">1</subfield>
<subfield code="h">N</subfield>
<subfield code="i">0</subfield>
<subfield code="j">MAIN</subfield>
<subfield code="k">0</subfield>
</datafield>
</record>
